% Created 2024-08-14 14:16:07 by https://text2bib.org. Algorithm version 2024-08-14 02:08:57.

% [1] Abhinav Roy, ‘Variable Mobility Cahn-Hilliard Equation: Numerical Formulation and Algorithm’, 2021, doi: 10.13140/RG.2.2.29738.13760/4. 
@unpublished{Roy2021,
  doi = {10.13140/RG.2.2.29738.13760/4},
  author = {Abhinav Roy},
  title = {Variable Mobility Cahn-Hilliard Equation: Numerical Formulation and Algorithm},
  year = {2021},
}

% [2] J. Ansel et al., ‘PyTorch 2: Faster Machine Learning Through Dynamic Python Bytecode Transformation and Graph Compilation’, in Proceedings of the 29th ACM International Conference on Architectural Support for Programming Languages and Operating Systems, Volume 2, La Jolla CA USA: ACM, Apr. 2024, pp. 929–947. doi: 10.1145/3620665.3640366. 
@inproceedings{Ansel2024,
  doi = {10.1145/3620665.3640366},
  author = {J. Ansel and others},
  title = {PyTorch 2: Faster Machine Learning Through Dynamic Python Bytecode Transformation and Graph Compilation},
  year = {2024},
  month = {April},
  pages = {929-947},
  booktitle = {Proceedings of the 29th ACM International Conference on Architectural Support for Programming Languages and Operating Systems, Volume 2, La Jolla CA USA: ACM, Apr. 2024},
}

% [3] D. Antonopoulou, G. Karali, and K. Tzirakis, ‘Layer dynamics for the one dimensional $\varepsilon$-dependent Cahn-Hilliard / Allen-Cahn equation’, May 23, 2021, arXiv: arXiv:2105.11003. Accessed: Apr. 25, 2024. [Online]. Available: http://arxiv.org/abs/2105.11003 
@unpublished{AntonopoulouKaraliTzirakis2021,
  note = {Accessed: Apr. 25, 2024},
  archiveprefix = {arXiv},
  eprint = {arXiv:2105.11003},
  url = {http://arxiv.org/abs/2105.11003},
  author = {D. Antonopoulou and G. Karali and K. Tzirakis},
  title = {Layer dynamics for the one dimensional $\varepsilon$-dependent Cahn-Hilliard / Allen-Cahn equation},
  year = {2021},
  month = {May},
  date = {2021-05-23},
  urldate = {May 23, 2021},
}

% [4] R. C. Ball, T. M. A. Fink, and N. E. Bowler, ‘Stochastic Annealing’, Phys. Rev. Lett., vol. 91, no. 3, p. 030201, Jul. 2003, doi: 10.1103/PhysRevLett.91.030201. 
@article{BallFinkBowler2003,
  doi = {10.1103/PhysRevLett.91.030201},
  author = {R. C. Ball and T. M. A. Fink and N. E. Bowler},
  title = {Stochastic Annealing},
  year = {2003},
  month = {July},
  journal = {Phys. Rev. Lett.},
  volume = {91},
  number = {3},
  pages = {030201},
}

% [5] F. Balty, A. Baret, A. Silhanek, and N. D. Nguyen, ‘Insight into the morphological instability of metallic nanowires under thermal stress’, Journal of Colloid and Interface Science, vol. 673, pp. 574–582, Nov. 2024, doi: 10.1016/j.jcis.2024.06.074. 
@article{BaltyBaretSilhanekNguyen2024,
  doi = {10.1016/j.jcis.2024.06.074},
  author = {F. Balty and A. Baret and A. Silhanek and N. D. Nguyen},
  title = {Insight into the morphological instability of metallic nanowires under thermal stress},
  year = {2024},
  month = {November},
  journal = {Journal of Colloid and Interface Science},
  volume = {673},
  pages = {574-582},
}

% [6] P. L. Barclay and J. R. Lukes, ‘Cahn-Hilliard mobility of fluid-fluid interfaces from molecular dynamics’, Physics of Fluids, vol. 31, no. 9, p. 092107, Sep. 2019, doi: 10.1063/1.5116576. 
@article{BarclayLukes2019,
  doi = {10.1063/1.5116576},
  author = {P. L. Barclay and J. R. Lukes},
  title = {Cahn-Hilliard mobility of fluid-fluid interfaces from molecular dynamics},
  year = {2019},
  journal = {Physics of Fluids},
  volume = {31},
  number = {9},
  pages = {092107},
  month = {September},
}

% [7] L. Bardet et al., ‘Silver Nanowire Networks: Ways to Enhance Their Physical Properties and Stability’, Nanomaterials, vol. 11, p. 2785, Oct. 2021, doi: 10.3390/nano11112785. 
@article{Bardet2021,
  doi = {10.3390/nano11112785},
  author = {L. Bardet and others},
  title = {Silver Nanowire Networks: Ways to Enhance Their Physical Properties and Stability},
  year = {2021},
  month = {October},
  journal = {Nanomaterials},
  volume = {11},
  pages = {2785},
}

% [8] A. Bartels and J. Mosler, ‘On the variational formulation and implementation of Allen-Cahn and Cahn-Hilliard-type phase field theories’, PAMM, vol. 15, no. 1, pp. 273–274, 2015, doi: 10.1002/pamm.201510127. 
@article{BartelsMosler2015,
  doi = {10.1002/pamm.201510127},
  author = {A. Bartels and J. Mosler},
  title = {On the variational formulation and implementation of Allen-Cahn and Cahn-Hilliard-type phase field theories},
  year = {2015},
  journal = {PAMM},
  volume = {15},
  number = {1},
  pages = {273-274},
}

% [9] D. Bellet et al., ‘Transparent Electrodes Based on Silver Nanowire Networks: From Physical Considerations towards Device Integration’, Materials, vol. 10, no. 6, Art. no. 6, Jun. 2017, doi: 10.3390/ma10060570. 
@article{Bellet2017,
  doi = {10.3390/ma10060570},
  author = {D. Bellet and others},
  title = {Transparent Electrodes Based on Silver Nanowire Networks: From Physical Considerations towards Device Integration},
  year = {2017},
  month = {June},
  journal = {Materials},
  volume = {10},
  number = {6},
}

% [10] P. Bellon and Q. Li, ‘Anisotropic Cahn-Hilliard free energy and interfacial energies for binary alloys with pairwise interactions’, Acta Materialia, vol. 215, p. 117041, Aug. 2021, doi: 10.1016/j.actamat.2021.117041. 
@article{BellonLi2021,
  doi = {10.1016/j.actamat.2021.117041},
  author = {P. Bellon and Q. Li},
  title = {Anisotropic Cahn-Hilliard free energy and interfacial energies for binary alloys with pairwise interactions},
  year = {2021},
  month = {August},
  journal = {Acta Materialia},
  volume = {215},
  pages = {117041},
}

% [11] S. Bergin, Y.-H. Chen, A. Rathmell, P. Charbonneau, Z.-Y. Li, and B. Wiley, ‘The effect of nanowire length and diameter on the properties of transparent, conducting nanowire films’, Nanoscale, vol. 4, pp. 1996–2004, Mar. 2012, doi: 10.1039/c2nr30126a. 
@article{BerginChenRathmellCharbonneauLiWiley2012,
  doi = {10.1039/c2nr30126a},
  author = {S. Bergin and Y.-H. Chen and A. Rathmell and P. Charbonneau and Z.-Y. Li and B. Wiley},
  title = {The effect of nanowire length and diameter on the properties of transparent, conducting nanowire films},
  year = {2012},
  month = {March},
  journal = {Nanoscale},
  volume = {4},
  pages = {1996-2004},
}

% [12] G. Beylkin, J. M. Keiser, and L. Vozovoi, ‘A New Class of Time Discretization Schemes for the Solution of Nonlinear PDEs’, Journal of Computational Physics, vol. 147, no. 2, pp. 362–387, Dec. 1998, doi: 10.1006/jcph.1998.6093. 
@article{BeylkinKeiserVozovoi1998,
  doi = {10.1006/jcph.1998.6093},
  author = {G. Beylkin and J. M. Keiser and L. Vozovoi},
  title = {A New Class of Time Discretization Schemes for the Solution of Nonlinear PDEs},
  year = {1998},
  month = {December},
  journal = {Journal of Computational Physics},
  volume = {147},
  number = {2},
  pages = {362-387},
}

% [13] H. Bhatt, J. Joshi, and I. Argyros, ‘Fourier Spectral High-Order Time-Stepping Method for Numerical Simulation of the Multi-Dimensional Allen–Cahn Equations’, Symmetry, vol. 13, no. 2, Art. no. 2, Feb. 2021, doi: 10.3390/sym13020245. 
@article{BhattJoshiArgyros2021,
  doi = {10.3390/sym13020245},
  author = {H. Bhatt and J. Joshi and I. Argyros},
  title = {Fourier Spectral High-Order Time-Stepping Method for Numerical Simulation of the Multi-Dimensional Allen--Cahn Equations},
  year = {2021},
  month = {February},
  journal = {Symmetry},
  volume = {13},
  number = {2},
}

% [14] S. B. Biner, Programming Phase-Field Modeling. Cham: Springer International Publishing, 2017. doi: 10.1007/978-3-319-41196-5. 
@book{Biner2017,
  doi = {10.1007/978-3-319-41196-5},
  author = {S. B. Biner},
  title = {Programming Phase-Field Modeling},
  year = {2017},
  publisher = {Springer International Publishing},
  address = {Cham},
}

% [15] S. B. Biner, ‘Solving Phase-Field Models with Fourier Spectral Methods’, in Programming Phase-Field Modeling, Cham: Springer International Publishing, 2017, pp. 99–168. doi: 10.1007/978-3-319-41196-5_5. 
@incollection{Biner2017-1,
  doi = {10.1007/978-3-319-41196-5_5},
  author = {S. B. Biner},
  title = {Solving Phase-Field Models with Fourier Spectral Methods},
  year = {2017},
  pages = {99-168},
  address = {Cham},
  publisher = {Springer International Publishing},
  booktitle = {Programming Phase-Field Modeling},
}

% [16] A. D. Boccardo, M. Tong, S. B. Leen, D. Tourret, and J. Segurado, ‘Efficiency and accuracy of GPU-parallelized Fourier spectral methods for solving phase-field models’, Computational Materials Science, vol. 228, p. 112313, Sep. 2023, doi: 10.1016/j.commatsci.2023.112313. 
@article{BoccardoTongLeenTourretSegurado2023,
  doi = {10.1016/j.commatsci.2023.112313},
  author = {A. D. Boccardo and M. Tong and S. B. Leen and D. Tourret and J. Segurado},
  title = {Efficiency and accuracy of GPU-parallelized Fourier spectral methods for solving phase-field models},
  year = {2023},
  journal = {Computational Materials Science},
  pages = {112313},
  month = {September},
  volume = {228},
}

% [17] J. W. Cahn and J. E. Hilliard, ‘Spinodal decomposition: A reprise’, Acta Metallurgica, vol. 19, no. 2, pp. 151–161, Feb. 1971, doi: 10.1016/0001-6160(71)90127-1. 
@article{CahnHilliard1971,
  doi = {10.1016/0001-6160(71)90127-1},
  author = {J. W. Cahn and J. E. Hilliard},
  title = {Spinodal decomposition: A reprise},
  year = {1971},
  month = {February},
  journal = {Acta Metallurgica},
  volume = {19},
  number = {2},
  pages = {151-161},
}

% [18] J. W. Cahn and J. E. Taylor, ‘Overview no. 113 surface motion by surface diffusion’, Acta Metallurgica et Materialia, vol. 42, no. 4, pp. 1045–1063, Apr. 1994, doi: 10.1016/0956-7151(94)90123-6. 
@article{CahnTaylor1994,
  doi = {10.1016/0956-7151(94)90123-6},
  author = {J. W. Cahn and J. E. Taylor},
  title = {Overview no. 113 surface motion by surface diffusion},
  year = {1994},
  month = {April},
  journal = {Acta Metallurgica et Materialia},
  volume = {42},
  number = {4},
  pages = {1045-1063},
}

% [19] J. W. Cahn, ‘On spinodal decomposition’, Acta Metallurgica, vol. 9, no. 9, pp. 795–801, Sep. 1961, doi: 10.1016/0001-6160(61)90182-1. 
@article{Cahn1961,
  doi = {10.1016/0001-6160(61)90182-1},
  author = {J. W. Cahn},
  title = {On spinodal decomposition},
  year = {1961},
  journal = {Acta Metallurgica},
  volume = {9},
  number = {9},
  pages = {795-801},
  month = {September},
}

% [20] J. W. Cahn, ‘On spinodal decomposition’, Acta Metallurgica, vol. 9, no. 9, pp. 795–801, Sep. 1961, doi: 10.1016/0001-6160(61)90182-1. 
@article{Cahn1961-1,
  doi = {10.1016/0001-6160(61)90182-1},
  author = {J. W. Cahn},
  title = {On spinodal decomposition},
  year = {1961},
  journal = {Acta Metallurgica},
  volume = {9},
  number = {9},
  pages = {795-801},
  month = {September},
}

% [21] J. W. Cahn, ‘Free Energy of a Nonuniform System. II. Thermodynamic Basis’, The Journal of Chemical Physics, vol. 30, no. 5, pp. 1121–1124, May 1959, doi: 10.1063/1.1730145. 
@article{Cahn1959,
  doi = {10.1063/1.1730145},
  author = {J. W. Cahn},
  title = {Free Energy of a Nonuniform System. II. Thermodynamic Basis},
  year = {1959},
  month = {May},
  journal = {The Journal of Chemical Physics},
  volume = {30},
  number = {5},
  pages = {1121-1124},
}

% [22] J. W. Cahn and J. E. Hilliard, ‘Free Energy of a Nonuniform System. I. Interfacial Free Energy’, The Journal of Chemical Physics, vol. 28, no. 2, pp. 258–267, Feb. 1958, doi: 10.1063/1.1744102. 
@article{CahnHilliard1958,
  doi = {10.1063/1.1744102},
  author = {J. W. Cahn and J. E. Hilliard},
  title = {Free Energy of a Nonuniform System. I. Interfacial Free Energy},
  year = {1958},
  month = {February},
  journal = {The Journal of Chemical Physics},
  volume = {28},
  number = {2},
  pages = {258-267},
}

% [23] A. Cartalade, A. Younsi, É. Régnier, and S. Schuller, ‘Simulations of Phase-field Models for Crystal Growth and Phase Separation’, Procedia Materials Science, vol. 7, pp. 72–78, Jan. 2014, doi: 10.1016/j.mspro.2014.10.010. 
@article{CartaladeYounsi2014,
  doi = {10.1016/j.mspro.2014.10.010},
  author = {A. Cartalade and A. Younsi},
  title = {\'E},
  year = {2014},
  month = {January},
  journal = {R{\'e}gnier, and S. Schuller, `Simulations of Phase-field Models for Crystal Growth and Phase Separation', Procedia Materials Science},
  volume = {7},
  pages = {72-78},
}

% [24] L. Q. Chen and J. Shen, ‘Applications of semi-implicit Fourier-spectral method to phase field equations. Computer Physics Communications, 108(2-3), 147–158 | 10.1016/s0010-4655(97)00115-x’, Computer Physics Communications, vol. 108, no. 2, pp. 147–158, Feb. 1998, doi: 10.1016/S0010-4655(97)00115-X. 
@article{ChenShen1998,
  doi = {10.1016/S0010-4655(97)00115-X},
  author = {L. Q. Chen and J. Shen},
  title = {Applications of semi-implicit Fourier-spectral method to phase field equations. Computer Physics Communications, 108(2-3), 147--158 | 10.1016/s0010-4655(97)00115-x},
  year = {1998},
  month = {February},
  journal = {Computer Physics Communications},
  volume = {108},
  number = {2},
  pages = {147-158},
}

% [25] W. Chen, J. Jing, and H. Wu, ‘A Uniquely Solvable, Positivity-Preserving and Unconditionally Energy Stable Numerical Scheme for the Functionalized Cahn-Hilliard Equation with Logarithmic Potential’, J Sci Comput, vol. 96, no. 3, p. 75, Jul. 2023, doi: 10.1007/s10915-023-02296-1. 
@article{ChenJingWu2023,
  doi = {10.1007/s10915-023-02296-1},
  author = {W. Chen and J. Jing and H. Wu},
  title = {A Uniquely Solvable, Positivity-Preserving and Unconditionally Energy Stable Numerical Scheme for the Functionalized Cahn-Hilliard Equation with Logarithmic Potential},
  year = {2023},
  month = {July},
  journal = {J Sci Comput},
  volume = {96},
  number = {3},
  pages = {75},
}

% [26] W. Chen, C. Wang, S. Wang, X. Wang, and S. M. Wise, ‘Energy Stable Numerical Schemes for Ternary Cahn-Hilliard System’, J Sci Comput, vol. 84, no. 2, p. 27, Aug. 2020, doi: 10.1007/s10915-020-01276-z. 
@article{ChenWangWangWangWise2020,
  doi = {10.1007/s10915-020-01276-z},
  author = {W. Chen and C. Wang and S. Wang and X. Wang and S. M. Wise},
  title = {Energy Stable Numerical Schemes for Ternary Cahn-Hilliard System},
  year = {2020},
  month = {August},
  journal = {J Sci Comput},
  volume = {84},
  number = {2},
  pages = {27},
}

% [27] W. Chen, C. Wang, X. Wang, and S. M. Wise, ‘Positivity-preserving, energy stable numerical schemes for the Cahn-Hilliard equation with logarithmic potential’, Journal of Computational Physics: X, vol. 3, p. 100031, Jun. 2019, doi: 10.1016/j.jcpx.2019.100031. 
@article{ChenWangWangWise2019,
  doi = {10.1016/j.jcpx.2019.100031},
  author = {W. Chen and C. Wang and X. Wang and S. M. Wise},
  title = {Positivity-preserving, energy stable numerical schemes for the Cahn-Hilliard equation with logarithmic potential},
  year = {2019},
  month = {June},
  journal = {Journal of Computational Physics: X},
  volume = {3},
  pages = {100031},
}

% [28] M. Delkhosh and K. Parand, ‘Generalized pseudospectral method: Theory and applications’, Journal of Computational Science, vol. 34, pp. 11–32, May 2019, doi: 10.1016/j.jocs.2019.04.007. 
@article{DelkhoshParand2019,
  doi = {10.1016/j.jocs.2019.04.007},
  author = {M. Delkhosh and K. Parand},
  title = {Generalized pseudospectral method: Theory and applications},
  year = {2019},
  month = {May},
  journal = {Journal of Computational Science},
  volume = {34},
  pages = {11-32},
}

% [29] R. C. Desai and R. Kapral, Eds., ‘Lifshitz–Slyozov–Wagner theory’, in Dynamics of Self-Organized and Self-Assembled Structures, Cambridge: Cambridge University Press, 2009, pp. 87–95. doi: 10.1017/CBO9780511609725.013. 
@incollection{DesaiKapral2009,
  doi = {10.1017/CBO9780511609725.013},
  editor = {R. C. Desai and R. Kapral},
  title = {Lifshitz--Slyozov--Wagner theory},
  year = {2009},
  pages = {87-95},
  publisher = {Cambridge University Press},
  address = {Cambridge},
  booktitle = {Dynamics of Self-Organized and Self-Assembled Structures},
}

% [30] X. Duan, Y. Ding, and R. Liu, ‘Stability enhancement of silver nanowire-based flexible transparent electrodes for organic solar cells’, Materials Today Energy, vol. 37, p. 101409, Oct. 2023, doi: 10.1016/j.mtener.2023.101409. 
@article{DuanDingLiu2023,
  doi = {10.1016/j.mtener.2023.101409},
  author = {X. Duan and Y. Ding and R. Liu},
  title = {Stability enhancement of silver nanowire-based flexible transparent electrodes for organic solar cells},
  year = {2023},
  month = {October},
  journal = {Materials Today Energy},
  volume = {37},
  pages = {101409},
}

% [31] B. Fornberg, A Practical Guide to Pseudospectral Methods. in Cambridge Monographs on Applied and Computational Mathematics. Cambridge: Cambridge University Press, 1996. doi: 10.1017/CBO9780511626357. 
@incollection{Fornberg1996,
  doi = {10.1017/CBO9780511626357},
  author = {B. Fornberg},
  title = {A Practical Guide to Pseudospectral Methods},
  year = {1996},
  editor = {Cambridge Monographs},
  publisher = {Cambridge University Press},
  address = {Cambridge},
  booktitle = {on Applied and Computational Mathematics},
}

% [32] H. Garcke, B. Nestler, and B. Stoth, ‘On anisotropic order parameter models for multi-phase systems and their sharp interface limits’, Physica D: Nonlinear Phenomena, vol. 115, no. 1, pp. 87–108, Apr. 1998, doi: 10.1016/S0167-2789(97)00227-3. 
@article{GarckeNestlerStoth1998,
  doi = {10.1016/S0167-2789(97)00227-3},
  author = {H. Garcke and B. Nestler and B. Stoth},
  title = {On anisotropic order parameter models for multi-phase systems and their sharp interface limits},
  year = {1998},
  month = {April},
  journal = {Physica D: Nonlinear Phenomena},
  volume = {115},
  number = {1},
  pages = {87-108},
}

% [33] G. Gottstein, Physical Foundations of Materials Science. Berlin, Heidelberg: Springer Berlin Heidelberg, 2004. doi: 10.1007/978-3-662-09291-0. 
@book{Gottstein2004,
  doi = {10.1007/978-3-662-09291-0},
  author = {G. Gottstein},
  title = {Physical Foundations of Materials Science},
  year = {2004},
  publisher = {Springer Berlin Heidelberg},
  address = {Berlin, Heidelberg},
}

% [34] D. Grazioli, G. Gangi, L. Nicola, and A. Simone, ‘Predicting mechanical and electrical failure of nanowire networks in flexible transparent electrodes’, Composites Science and Technology, vol. 245, p. 110304, Jan. 2024, doi: 10.1016/j.compscitech.2023.110304. 
@article{GrazioliGangiNicolaSimone2024,
  doi = {10.1016/j.compscitech.2023.110304},
  author = {D. Grazioli and G. Gangi and L. Nicola and A. Simone},
  title = {Predicting mechanical and electrical failure of nanowire networks in flexible transparent electrodes},
  year = {2024},
  month = {January},
  journal = {Composites Science and Technology},
  volume = {245},
  pages = {110304},
}

% [35] C. Herzig and S. V. Divinski, ‘Grain Boundary Diffusion in Metals: Recent Developments’, Mater. Trans., vol. 44, no. 1, pp. 14–27, 2003, doi: 10.2320/matertrans.44.14. 
@article{HerzigDivinski2003,
  doi = {10.2320/matertrans.44.14},
  author = {C. Herzig and S. V. Divinski},
  title = {Grain Boundary Diffusion in Metals: Recent Developments},
  year = {2003},
  journal = {Mater. Trans.},
  volume = {44},
  number = {1},
  pages = {14-27},
}

% [36] M. Hindmarsh et al., ‘A-B transition in superfluid $^3$He and cosmological phase transitions’, J Low Temp Phys, vol. 215, no. 5–6, pp. 495–524, Jun. 2024, doi: 10.1007/s10909-024-03151-9. 
@article{Hindmarsh2024,
  doi = {10.1007/s10909-024-03151-9},
  author = {M. Hindmarsh and others},
  title = {A-B transition in superfluid $^3$He and cosmological phase transitions},
  year = {2024},
  month = {June},
  journal = {J Low Temp Phys},
  volume = {215},
  number = {5-6},
  pages = {495-524},
}

% [37] M. Hirschler, M. Huber, W. Säckel, P. Kunz, and U. Nieken, ‘An Application of the Cahn-Hilliard Approach to Smoothed Particle Hydrodynamics’, Mathematical Problems in Engineering, vol. 2014, no. 1, p. 694894, 2014, doi: 10.1155/2014/694894. 
@article{HirschlerHuberSackelKunzNieken2014,
  doi = {10.1155/2014/694894},
  author = {M. Hirschler and M. Huber and W. S{\"a}ckel and P. Kunz and U. Nieken},
  title = {An Application of the Cahn-Hilliard Approach to Smoothed Particle Hydrodynamics},
  year = {2014},
  journal = {Mathematical Problems in Engineering},
  volume = {2014},
  number = {1},
  pages = {694894},
}

% [38] S. Huang, X. Xiao, and X. Feng, ‘An adaptive time-stepping method for the phase-field molecular beam epitaxial growth model on evolving surfaces’, Applied Mathematics and Computation, vol. 439, p. 127622, Feb. 2023, doi: 10.1016/j.amc.2022.127622. 
@article{HuangXiaoFeng2023,
  doi = {10.1016/j.amc.2022.127622},
  author = {S. Huang and X. Xiao and X. Feng},
  title = {An adaptive time-stepping method for the phase-field molecular beam epitaxial growth model on evolving surfaces},
  year = {2023},
  month = {February},
  journal = {Applied Mathematics and Computation},
  volume = {439},
  pages = {127622},
}

% [39] X. Huang, J. Berry, A. Perron, and R. Arróyave, ‘A comparative study of Kim-Kim-Suzuki (KKS), Partition Coefficient Relaxation (PCR), and Finite Interface Dissipation (FID) phase field models for rapid solidification’, Additive Manufacturing, vol. 74, p. 103704, Jul. 2023, doi: 10.1016/j.addma.2023.103704. 
@article{HuangBerryPerronArroyave2023,
  doi = {10.1016/j.addma.2023.103704},
  author = {X. Huang and J. Berry and A. Perron and R. Arr{\'o}yave},
  title = {A comparative study of Kim-Kim-Suzuki (KKS), Partition Coefficient Relaxation (PCR), and Finite Interface Dissipation (FID) phase field models for rapid solidification},
  year = {2023},
  month = {July},
  journal = {Additive Manufacturing},
  volume = {74},
  pages = {103704},
}

% [40] janeeva, ‘PPT - Phase-Field Methods Jeff McFadden NIST PowerPoint Presentation, free download - ID:1396737’, SlideServe. Accessed: Apr. 25, 2024. [Online]. Available: https://www.slideserve.com/janeeva/phase-field-methods-jeff-mcfadden-nist 
@online{2024,
  note = {SlideServe. Accessed: Apr. 25},
  url = {https://www.slideserve.com/janeeva/phase-field-methods-jeff-mcfadden-nist},
  author = {janeeva},
  title = {PPT - Phase-Field Methods Jeff McFadden NIST PowerPoint Presentation, free download - ID:1396737},
  year = {2024},
}

% [41] D. Jeong and J. Kim, ‘A practical numerical scheme for the ternary Cahn–Hilliard system with a logarithmic free energy’, Physica A: Statistical Mechanics and its Applications, vol. 442, pp. 510–522, Jan. 2016, doi: 10.1016/J.PHYSA.2015.09.038. 
@article{JeongKim2016,
  doi = {10.1016/J.PHYSA.2015.09.038},
  author = {D. Jeong and J. Kim},
  title = {A practical numerical scheme for the ternary Cahn--Hilliard system with a logarithmic free energy},
  year = {2016},
  month = {January},
  journal = {Physica A: Statistical Mechanics and its Applications},
  volume = {442},
  pages = {510-522},
}

% [42] D. Jeong, J. Yang, and J. Kim, ‘A practical and efficient numerical method for the Cahn–Hilliard equation in complex domains’, Communications in Nonlinear Science and Numerical Simulation, vol. 73, pp. 217–228, Jul. 2019, doi: 10.1016/j.cnsns.2019.02.009. 
@article{JeongYangKim2019,
  doi = {10.1016/j.cnsns.2019.02.009},
  author = {D. Jeong and J. Yang and J. Kim},
  title = {A practical and efficient numerical method for the Cahn--Hilliard equation in complex domains},
  year = {2019},
  month = {July},
  journal = {Communications in Nonlinear Science and Numerical Simulation},
  volume = {73},
  pages = {217-228},
}

% [43] X. Jing and Q. Wang, Linear Second Order Energy Stable Schemes of Phase Field Model with Nonlocal Constraints for Crystal Growth. 2018. 
@unpublished{JingWang2018,
  author = {X. Jing and Q. Wang},
  title = {Linear Second Order Energy Stable Schemes of Phase Field Model with Nonlocal Constraints for Crystal Growth},
  year = {2018},
}

% [44] J. Jiu and K. Suganuma, ‘Metallic Nanowires and Their Application’, IEEE Transactions on Components, Packaging and Manufacturing Technology, vol. 6, no. 12, pp. 1733–1751, Dec. 2016, doi: 10.1109/TCPMT.2016.2581829. 
@article{JiuSuganuma2016,
  doi = {10.1109/TCPMT.2016.2581829},
  author = {J. Jiu and K. Suganuma},
  title = {Metallic Nanowires and Their Application},
  year = {2016},
  month = {December},
  journal = {IEEE Transactions on Components, Packaging and Manufacturing Technology},
  volume = {6},
  number = {12},
  pages = {1733-1751},
}

% [45] A. M. Jokisaari, P. W. Voorhees, J. E. Guyer, J. Warren, and O. G. Heinonen, ‘Benchmark problems for numerical implementations of phase field models’, Computational Materials Science, vol. 126, pp. 139–151, Jan. 2017, doi: 10.1016/j.commatsci.2016.09.022. 
@article{JokisaariVoorheesGuyerWarrenHeinonen2017,
  doi = {10.1016/j.commatsci.2016.09.022},
  author = {A. M. Jokisaari and P. W. Voorhees and J. E. Guyer and J. Warren and O. G. Heinonen},
  title = {Benchmark problems for numerical implementations of phase field models},
  year = {2017},
  month = {January},
  journal = {Computational Materials Science},
  volume = {126},
  pages = {139-151},
}

% [46] A. M. Jokisaari, P. W. Voorhees, J. E. Guyer, J. Warren, and O. G. Heinonen, ‘Benchmark problems for numerical implementations of phase field models’, Computational Materials Science, vol. 126, pp. 139–151, Jan. 2017, doi: 10.1016/j.commatsci.2016.09.022. 
@article{JokisaariVoorheesGuyerWarrenHeinonen2017-1,
  doi = {10.1016/j.commatsci.2016.09.022},
  author = {A. M. Jokisaari and P. W. Voorhees and J. E. Guyer and J. Warren and O. G. Heinonen},
  title = {Benchmark problems for numerical implementations of phase field models},
  year = {2017},
  month = {January},
  journal = {Computational Materials Science},
  volume = {126},
  pages = {139-151},
}

% [47] L. Ju, J. Zhang, and Q. Du, ‘Fast and accurate algorithms for simulating coarsening dynamics of Cahn–Hilliard equations’, Computational Materials Science, vol. 108, pp. 272–282, Oct. 2015, doi: 10.1016/j.commatsci.2015.04.046. 
@article{JuZhangDu2015,
  doi = {10.1016/j.commatsci.2015.04.046},
  author = {L. Ju and J. Zhang and Q. Du},
  title = {Fast and accurate algorithms for simulating coarsening dynamics of Cahn--Hilliard equations},
  year = {2015},
  month = {October},
  journal = {Computational Materials Science},
  volume = {108},
  pages = {272-282},
}

% [48] J. Kim, ‘A numerical method for the Cahn–Hilliard equation with a variable mobility’, Communications in Nonlinear Science and Numerical Simulation, vol. 12, no. 8, pp. 1560–1571, Dec. 2007, doi: 10.1016/j.cnsns.2006.02.010. 
@article{Kim2007,
  doi = {10.1016/j.cnsns.2006.02.010},
  author = {J. Kim},
  title = {A numerical method for the Cahn--Hilliard equation with a variable mobility},
  year = {2007},
  month = {December},
  journal = {Communications in Nonlinear Science and Numerical Simulation},
  volume = {12},
  number = {8},
  pages = {1560-1571},
}

% [49] J. Kim, ‘A generalized continuous surface tension force formulation for phase-field models for multi-component immiscible fluid flows’, Computer Methods in Applied Mechanics and Engineering, vol. 198, no. 37, pp. 3105–3112, Aug. 2009, doi: 10.1016/j.cma.2009.05.008. 
@article{Kim2009,
  doi = {10.1016/j.cma.2009.05.008},
  author = {J. Kim},
  title = {A generalized continuous surface tension force formulation for phase-field models for multi-component immiscible fluid flows},
  year = {2009},
  month = {August},
  journal = {Computer Methods in Applied Mechanics and Engineering},
  volume = {198},
  number = {37},
  pages = {3105-3112},
}

% [50] S. G. Kim and W. T. Kim, ‘Phase-Field Modeling of Solidification’, in Handbook of Materials Modeling: Methods, S. Yip, Ed., Dordrecht: Springer Netherlands, 2005, pp. 2105–2116. doi: 10.1007/978-1-4020-3286-8_109. 
@incollection{KimKim2005,
  doi = {10.1007/978-1-4020-3286-8_109},
  author = {S. G. Kim and W. T. Kim},
  title = {Phase-Field Modeling of Solidification},
  year = {2005},
  pages = {2105-2116},
  editor = {S. Yip},
  publisher = {Springer Netherlands},
  address = {Dordrecht},
  booktitle = {Handbook of Materials Modeling: Methods},
}

% [51] B. König, O. J. J. Ronsin, and J. Harting, ‘Two-dimensional Cahn–Hilliard simulations for coarsening kinetics of spinodal decomposition in binary mixtures’, Phys. Chem. Chem. Phys., vol. 23, no. 43, pp. 24823–24833, 2021, doi: 10.1039/D1CP03229A. 
@article{KonigRonsinHarting2021,
  doi = {10.1039/D1CP03229A},
  author = {B. K{\"o}nig and O. J. J. Ronsin and J. Harting},
  title = {Two-dimensional Cahn--Hilliard simulations for coarsening kinetics of spinodal decomposition in binary mixtures},
  year = {2021},
  journal = {Phys. Chem. Chem. Phys.},
  volume = {23},
  number = {43},
  pages = {24823-24833},
}

% [52] Y. C. G. Kwan, Q. L. Le, and C. H. A. Huan, ‘Time to failure modeling of silver nanowire transparent conducting electrodes and effects of a reduced graphene oxide over layer’, Solar Energy Materials and Solar Cells, vol. 144, pp. 102–108, Jan. 2016, doi: 10.1016/j.solmat.2015.08.005. 
@article{KwanLeHuan2016,
  doi = {10.1016/j.solmat.2015.08.005},
  author = {Y. C. G. Kwan and Q. L. Le and C. H. A. Huan},
  title = {Time to failure modeling of silver nanowire transparent conducting electrodes and effects of a reduced graphene oxide over layer},
  year = {2016},
  month = {January},
  journal = {Solar Energy Materials and Solar Cells},
  volume = {144},
  pages = {102-108},
}

% [53] M. Lagrange, D. Langley, G. Giusti, C. Jiménez, Y. Bréchet, and D. Bellet, ‘Optimization of silver nanowire-based transparent electrodes: Effects of density, size and thermal annealing’, Nanoscale, vol. 7, Oct. 2015, doi: 10.1039/C5NR04084A. 
@article{LagrangeLangleyGiustiJimenezBrechetBellet2015,
  doi = {10.1039/C5NR04084A},
  author = {M. Lagrange and D. Langley and G. Giusti and C. Jim{\'e}nez and Y. Br{\'e}chet and D. Bellet},
  title = {Optimization of silver nanowire-based transparent electrodes: Effects of density, size and thermal annealing},
  year = {2015},
  month = {October},
  journal = {Nanoscale},
  volume = {7},
}

% [54] J. S. Langer, M. Bar-on, and H. D. Miller, ‘New computational method in the theory of spinodal decomposition’, Phys. Rev. A, vol. 11, no. 4, pp. 1417–1429, Apr. 1975, doi: 10.1103/PhysRevA.11.1417. 
@article{LangerBaronMiller1975,
  doi = {10.1103/PhysRevA.11.1417},
  author = {J. S. Langer and M. Bar-on and H. D. Miller},
  title = {New computational method in the theory of spinodal decomposition},
  year = {1975},
  month = {April},
  journal = {Phys. Rev. A},
  volume = {11},
  number = {4},
  pages = {1417-1429},
}

% [55] D. P. Langley et al., ‘Metallic nanowire networks: effects of thermal annealing on electrical resistance’, Nanoscale, vol. 6, no. 22, pp. 13535–13543, 2014, doi: 10.1039/C4NR04151H. 
@article{Langley2014,
  doi = {10.1039/C4NR04151H},
  author = {D. P. Langley and others},
  title = {Metallic nanowire networks: effects of thermal annealing on electrical resistance},
  year = {2014},
  journal = {Nanoscale},
  volume = {6},
  number = {22},
  pages = {13535-13543},
}

% [56] D. Langley, G. Giusti, C. Mayousse, C. Celle, D. Bellet, and J.-P. Simonato, ‘Flexible transparent conductive materials based on silver nanowire networks: a review’, Nanotechnology, vol. 24, no. 45, p. 452001, Nov. 2013, doi: 10.1088/0957-4484/24/45/452001. 
@article{LangleyGiustiMayousseCelleBelletSimonato2013,
  doi = {10.1088/0957-4484/24/45/452001},
  author = {D. Langley and G. Giusti and C. Mayousse and C. Celle and D. Bellet and J.-P. Simonato},
  title = {Flexible transparent conductive materials based on silver nanowire networks: a review},
  year = {2013},
  month = {November},
  journal = {Nanotechnology},
  volume = {24},
  number = {45},
  pages = {452001},
}

% [57] D. Lee, J.-Y. Huh, D. Jeong, J. Shin, A. Yun, and J. Kim, ‘Physical, mathematical, and numerical derivations of the Cahn–Hilliard equation’, Computational Materials Science, vol. 81, pp. 216–225, Jan. 2014, doi: 10.1016/j.commatsci.2013.08.027. 
@article{LeeHuhJeongShinYunKim2014,
  doi = {10.1016/j.commatsci.2013.08.027},
  author = {D. Lee and J.-Y. Huh and D. Jeong and J. Shin and A. Yun and J. Kim},
  title = {Physical, mathematical, and numerical derivations of the Cahn--Hilliard equation},
  year = {2014},
  month = {January},
  journal = {Computational Materials Science},
  volume = {81},
  pages = {216-225},
}

% [58] D. Lee and J. Kim, ‘Comparison study of the conservative Allen–Cahn and the Cahn–Hilliard equations’, Mathematics and Computers in Simulation, vol. 119, pp. 35–56, Jan. 2016, doi: 10.1016/j.matcom.2015.08.018. 
@article{LeeKim2016,
  doi = {10.1016/j.matcom.2015.08.018},
  author = {D. Lee and J. Kim},
  title = {Comparison study of the conservative Allen--Cahn and the Cahn--Hilliard equations},
  year = {2016},
  month = {January},
  journal = {Mathematics and Computers in Simulation},
  volume = {119},
  pages = {35-56},
}

% [59] H. G. Lee and J. Kim, ‘A second-order accurate non-linear difference scheme for the N -component Cahn–Hilliard system’, Physica A: Statistical Mechanics and its Applications, vol. 387, no. 19, pp. 4787–4799, Aug. 2008, doi: 10.1016/j.physa.2008.03.023. 
@article{LeeKim2008,
  doi = {10.1016/j.physa.2008.03.023},
  author = {H. G. Lee and J. Kim},
  title = {A second-order accurate non-linear difference scheme for the N -component Cahn--Hilliard system},
  year = {2008},
  month = {August},
  journal = {Physica A: Statistical Mechanics and its Applications},
  volume = {387},
  number = {19},
  pages = {4787-4799},
}

% [60] H. G. Lee and J. Kim, ‘Accurate contact angle boundary conditions for the Cahn–Hilliard equations’, Computers \& Fluids, vol. 44, no. 1, pp. 178–186, May 2011, doi: 10.1016/j.compfluid.2010.12.031. 
@article{LeeKim2011,
  doi = {10.1016/j.compfluid.2010.12.031},
  author = {H. G. Lee and J. Kim},
  title = {Accurate contact angle boundary conditions for the Cahn--Hilliard equations},
  year = {2011},
  month = {May},
  journal = {Computers \& Fluids},
  volume = {44},
  number = {1},
  pages = {178-186},
}

% [61] D. Li and T. Tang, ‘Stability analysis for the Implicit-Explicit discretization of the Cahn-Hilliard equation’, arXiv.org, Aug. 2020, Accessed: Feb. 28, 2024. [Online]. Available: http://arxiv.org/abs/2008.03701 
@online{LiTang2020,
  note = {arXiv.org, , Accessed: Feb. 28, 2024},
  url = {http://arxiv.org/abs/2008.03701},
  author = {D. Li and T. Tang},
  title = {Stability analysis for the Implicit-Explicit discretization of the Cahn-Hilliard equation},
  year = {2020},
  month = {August},
}

% [62] M. Li et al., ‘External field-strengthened Ostwald nanowelding’, Nano Res., vol. 15, no. 5, pp. 4525–4535, May 2022, doi: 10.1007/s12274-021-4001-z. 
@article{Li2022,
  doi = {10.1007/s12274-021-4001-z},
  author = {M. Li and others},
  title = {External field-strengthened Ostwald nanowelding},
  year = {2022},
  month = {May},
  journal = {Nano Res.},
  volume = {15},
  number = {5},
  pages = {4525-4535},
}

% [63] Y. Li, J.-I. Choi, and J. Kim, ‘Multi-component Cahn–Hilliard system with different boundary conditions in complex domains’, Journal of Computational Physics, vol. 323, pp. 1–16, Oct. 2016, doi: 10.1016/j.jcp.2016.07.017. 
@article{LiChoiKim2016,
  doi = {10.1016/j.jcp.2016.07.017},
  author = {Y. Li and J.-I. Choi and J. Kim},
  title = {Multi-component Cahn--Hilliard system with different boundary conditions in complex domains},
  year = {2016},
  month = {October},
  journal = {Journal of Computational Physics},
  volume = {323},
  pages = {1-16},
}

% [64] Y. Li, D. Jeong, H. Kim, C. Lee, and J. Kim, ‘Comparison study on the different dynamics between the Allen–Cahn and the Cahn–Hilliard equations’, Computers \& Mathematics with Applications, vol. 77, no. 2, pp. 311–322, Jan. 2019, doi: 10.1016/j.camwa.2018.09.034. 
@article{LiJeongKimLeeKim2019,
  doi = {10.1016/j.camwa.2018.09.034},
  author = {Y. Li and D. Jeong and H. Kim and C. Lee and J. Kim},
  title = {Comparison study on the different dynamics between the Allen--Cahn and the Cahn--Hilliard equations},
  year = {2019},
  month = {January},
  journal = {Computers \& Mathematics with Applications},
  volume = {77},
  number = {2},
  pages = {311-322},
}

% [65] X. Liang and A. Q. M. Khaliq, ‘An efficient Fourier spectral exponential time differencing method for the space-fractional nonlinear Schrödinger equations’, Computers \& Mathematics with Applications, vol. 75, no. 12, pp. 4438–4457, Jun. 2018, doi: 10.1016/j.camwa.2018.03.042. 
@article{LiangKhaliq2018,
  doi = {10.1016/j.camwa.2018.03.042},
  author = {X. Liang and A. Q. M. Khaliq},
  title = {An efficient Fourier spectral exponential time differencing method for the space-fractional nonlinear Schr{\"o}dinger equations},
  year = {2018},
  month = {June},
  journal = {Computers \& Mathematics with Applications},
  volume = {75},
  number = {12},
  pages = {4438-4457},
}

% [66] C. Liu and H. Wu, ‘An Energetic Variational Approach for the Cahn–Hilliard Equation with Dynamic Boundary Condition: Model Derivation and Mathematical Analysis’, Arch Rational Mech Anal, vol. 233, no. 1, pp. 167–247, Jul. 2019, doi: 10.1007/s00205-019-01356-x. 
@article{LiuWu2019,
  doi = {10.1007/s00205-019-01356-x},
  author = {C. Liu and H. Wu},
  title = {An Energetic Variational Approach for the Cahn--Hilliard Equation with Dynamic Boundary Condition: Model Derivation and Mathematical Analysis},
  year = {2019},
  month = {July},
  journal = {Arch Rational Mech Anal},
  volume = {233},
  number = {1},
  pages = {167-247},
}

% [67] H. Liu and G. Cao, ‘Effectiveness of the Young-Laplace equation at nanoscale’, Sci Rep, vol. 6, no. 1, p. 23936, Apr. 2016, doi: 10.1038/srep23936. 
@article{LiuCao2016,
  doi = {10.1038/srep23936},
  author = {H. Liu and G. Cao},
  title = {Effectiveness of the Young-Laplace equation at nanoscale},
  year = {2016},
  month = {April},
  journal = {Sci Rep},
  volume = {6},
  number = {1},
  pages = {23936},
}

% [68] X. Liu, J. Shen, and N. Zheng, ‘Efficient energy stable numerical schemes for Cahn–Hilliard equations with dynamical boundary conditions’, Journal of Computational Physics, vol. 509, p. 113037, Jul. 2024, doi: 10.1016/j.jcp.2024.113037. 
@article{LiuShenZheng2024,
  doi = {10.1016/j.jcp.2024.113037},
  author = {X. Liu and J. Shen and N. Zheng},
  title = {Efficient energy stable numerical schemes for Cahn--Hilliard equations with dynamical boundary conditions},
  year = {2024},
  month = {July},
  journal = {Journal of Computational Physics},
  volume = {509},
  pages = {113037},
}

% [69] A. Makki, A. Miranville, and M. Petcu, ‘The coupled Cahn-Hilliard/Allen-Cahn system with dynamic Boundary conditions’, Asymptotic Analysis, vol. 128, May 2021, doi: 10.3233/ASY-211703. 
@article{MakkiMiranvillePetcu2021,
  doi = {10.3233/ASY-211703},
  author = {A. Makki and A. Miranville and M. Petcu},
  title = {The coupled Cahn-Hilliard/Allen-Cahn system with dynamic Boundary conditions},
  year = {2021},
  month = {May},
  journal = {Asymptotic Analysis},
  volume = {128},
}

% [70] H. Manzanarez, J. P. Mericq, P. Guenoun, J. Chikina, and D. Bouyer, ‘Modeling phase inversion using Cahn-Hilliard equations – Influence of the mobility on the pattern formation dynamics’, Chemical Engineering Science, vol. 173, pp. 411–427, Dec. 2017, doi: 10.1016/J.CES.2017.08.009. 
@article{ManzanarezMericqGuenounChikinaBouyer2017,
  doi = {10.1016/J.CES.2017.08.009},
  author = {H. Manzanarez and J. P. Mericq and P. Guenoun and J. Chikina and D. Bouyer},
  title = {Modeling phase inversion using Cahn-Hilliard equations -- Influence of the mobility on the pattern formation dynamics},
  year = {2017},
  month = {December},
  journal = {Chemical Engineering Science},
  volume = {173},
  pages = {411-427},
}

% [71] Z. Mao and M. J. Demkowicz, ‘Mobility inference of the Cahn–Hilliard equation from a model experiment’, Journal of Materials Research, vol. 36, no. 13, pp. 2830–2842, Jul. 2021, doi: 10.1557/s43578-021-00266-7. 
@article{MaoDemkowicz2021,
  doi = {10.1557/s43578-021-00266-7},
  author = {Z. Mao and M. J. Demkowicz},
  title = {Mobility inference of the Cahn--Hilliard equation from a model experiment},
  year = {2021},
  month = {July},
  journal = {Journal of Materials Research},
  volume = {36},
  number = {13},
  pages = {2830-2842},
}

% [72] N. Marco Vittorio, ‘The interaction of C60 on Si(111) 7 × 7 studied by supersonic molecular beams: interplay between precursor kinetic energy and substrate temperature in surface activated processes’, 2016, p. 12. 
@article{Vittorio2016,
  author = {N. Marco Vittorio},
  title = {The interaction of C60 on Si(111) 7 × 7 studied by supersonic molecular beams: interplay between precursor kinetic energy and substrate temperature in surface activated processes},
  year = {2016},
  journal = {p.},
  volume = {12},
}

% [73] E. Marzbanrad, G. Rivers, P. Peng, B. Zhao, and N. Y. Zhou, ‘How morphology and surface crystal texture affect thermal stability of a metallic nanoparticle: the case of silver nanobelts and pentagonal silver nanowires’, Phys. Chem. Chem. Phys., vol. 17, no. 1, pp. 315–324, 2015, doi: 10.1039/C4CP04129A. 
@article{MarzbanradRiversPengZhaoZhou2015,
  doi = {10.1039/C4CP04129A},
  author = {E. Marzbanrad and G. Rivers and P. Peng and B. Zhao and N. Y. Zhou},
  title = {How morphology and surface crystal texture affect thermal stability of a metallic nanoparticle: the case of silver nanobelts and pentagonal silver nanowires},
  year = {2015},
  journal = {Phys. Chem. Chem. Phys.},
  volume = {17},
  number = {1},
  pages = {315-324},
}

% [74] X. Meng, X. Bao, and Z. Zhang, ‘Second order stabilized semi-implicit scheme for the Cahn-Hilliard model with dynamic boundary conditions’, Jun. 15, 2022, arXiv: arXiv:2206.07325. Accessed: Jul. 08, 2024. [Online]. Available: http://arxiv.org/abs/2206.07325 
@unpublished{MengBaoZhang2022,
  note = {Accessed: Jul. 08, 2024},
  archiveprefix = {arXiv},
  eprint = {arXiv:2206.07325},
  url = {http://arxiv.org/abs/2206.07325},
  author = {X. Meng and X. Bao and Z. Zhang},
  title = {Second order stabilized semi-implicit scheme for the Cahn-Hilliard model with dynamic boundary conditions},
  year = {2022},
  month = {June},
  date = {2022-06-15},
  urldate = {Jun. 15, 2022},
}

% [75] X. Meng, X. Bao, and Z. Zhang, ‘Second order stabilized semi-implicit scheme for the Cahn–Hilliard model with dynamic boundary conditions’, Journal of Computational and Applied Mathematics, vol. 428, p. 115145, Aug. 2023, doi: 10.1016/j.cam.2023.115145. 
@article{MengBaoZhang2023,
  doi = {10.1016/j.cam.2023.115145},
  author = {X. Meng and X. Bao and Z. Zhang},
  title = {Second order stabilized semi-implicit scheme for the Cahn--Hilliard model with dynamic boundary conditions},
  year = {2023},
  month = {August},
  journal = {Journal of Computational and Applied Mathematics},
  volume = {428},
  pages = {115145},
}

% [76] N. Moelans, B. Blanpain, and P. Wollants, ‘An introduction to phase-field modeling of microstructure evolution’, Calphad, vol. 32, no. 2, pp. 268–294, Jun. 2008, doi: 10.1016/j.calphad.2007.11.003. 
@article{MoelansBlanpainWollants2008,
  doi = {10.1016/j.calphad.2007.11.003},
  author = {N. Moelans and B. Blanpain and P. Wollants},
  title = {An introduction to phase-field modeling of microstructure evolution},
  year = {2008},
  month = {June},
  journal = {Calphad},
  volume = {32},
  number = {2},
  pages = {268-294},
}

% [77] J. A. Morales, M. Leroy, W. J. T. Bos, and K. Schneider, ‘Simulation of confined magnetohydrodynamic flows with Dirichlet boundary conditions using a pseudo-spectral method with volume penalization’, Journal of Computational Physics, vol. 274, pp. 64–94, Oct. 2014, doi: 10.1016/j.jcp.2014.05.038. 
@article{MoralesLeroyBosSchneider2014,
  doi = {10.1016/j.jcp.2014.05.038},
  author = {J. A. Morales and M. Leroy and W. J. T. Bos and K. Schneider},
  title = {Simulation of confined magnetohydrodynamic flows with Dirichlet boundary conditions using a pseudo-spectral method with volume penalization},
  year = {2014},
  month = {October},
  journal = {Journal of Computational Physics},
  volume = {274},
  pages = {64-94},
}

% [78] G. Mussabek, V. Lysenko, D. Yermukhamed, V. Sivakov, and V. Yu. Timoshenko, ‘Thermally induced evolution of the structure and optical properties of silicon nanowires’, Results in Physics, vol. 18, p. 103258, Sep. 2020, doi: 10.1016/j.rinp.2020.103258. 
@article{MussabekLysenkoYermukhamedSivakovYu2020,
  doi = {10.1016/j.rinp.2020.103258},
  author = {G. Mussabek and V. Lysenko and D. Yermukhamed and V. Sivakov and V. Yu},
  title = {Timoshenko, `Thermally induced evolution of the structure and optical properties of silicon nanowires', Results in Physics},
  year = {2020},
  pages = {103258},
  month = {September},
  volume = {18},
}

% [79] C. Pesce and A. Münch, ‘How do degenerate mobilities determine singularity formation in Cahn-Hilliard equations?’, Jan. 13, 2021, arXiv: arXiv:2101.05116. Accessed: Apr. 24, 2024. [Online]. Available: http://arxiv.org/abs/2101.05116 
@unpublished{PesceMunch2021,
  note = {Accessed: Apr. 24, 2024},
  archiveprefix = {arXiv},
  eprint = {arXiv:2101.05116},
  url = {http://arxiv.org/abs/2101.05116},
  author = {C. Pesce and A. M{\"u}nch},
  title = {How do degenerate mobilities determine singularity formation in Cahn-Hilliard equations?},
  year = {2021},
  month = {January},
  date = {2021-01-13},
  urldate = {Jan. 13, 2021},
}

% [80] C. Quan, T. Tang, and J. Yang, Numerical Energy Dissipation for Time-Fractional Phase-Field Equations. 2020. 
@unpublished{QuanTangYang2020,
  author = {C. Quan and T. Tang and J. Yang},
  title = {Numerical Energy Dissipation for Time-Fractional Phase-Field Equations},
  year = {2020},
}

% [81] Lord Rayleigh, ‘On The Instability Of Jets’, Proceedings of the London Mathematical Society, vol. s1-10, no. 1, pp. 4–13, 1878, doi: 10.1112/plms/s1-10.1.4. 
@article{Rayleigh1878,
  doi = {10.1112/plms/s1-10.1.4},
  author = {Lord Rayleigh},
  title = {On The Instability Of Jets},
  year = {1878},
  journal = {Proceedings of the London Mathematical Society},
  pages = {4-13},
  volume = {10},
  number = {1},
}

% [82] A. Renuka Balakrishna and W. Carter, Combining phase field crystal methods with a Cahn-Hilliard model for binary alloys. 2017. 
@unpublished{BalakrishnaCarter2017,
  author = {A. Renuka Balakrishna and W. Carter},
  title = {Combining phase field crystal methods with a Cahn-Hilliard model for binary alloys},
  year = {2017},
}

% [83] G. E. Rhead, ‘Surface self-diffusion and faceting on silver’, Acta Metallurgica, vol. 11, no. 9, pp. 1035–1042, Sep. 1963, doi: 10.1016/0001-6160(63)90191-3. 
@article{Rhead1963,
  doi = {10.1016/0001-6160(63)90191-3},
  author = {G. E. Rhead},
  title = {Surface self-diffusion and faceting on silver},
  year = {1963},
  journal = {Acta Metallurgica},
  volume = {11},
  number = {9},
  pages = {1035-1042},
  month = {September},
}

% [84] M. Röger and Y. Tonegawa, ‘Convergence of phase-field approximations to the Gibbs–Thomson law’, Calc. Var., vol. 32, no. 1, pp. 111–136, May 2008, doi: 10.1007/s00526-007-0133-6. 
@article{RogerTonegawa2008,
  doi = {10.1007/s00526-007-0133-6},
  author = {M. R{\"o}ger and Y. Tonegawa},
  title = {Convergence of phase-field approximations to the Gibbs--Thomson law},
  year = {2008},
  month = {May},
  journal = {Calc. Var.},
  volume = {32},
  number = {1},
  pages = {111-136},
}

% [85] A. Roy, A. Varma R., and M. P. Gururajan, ‘Phase-field study of surface diffusion enhanced break-ups of nanowire junctions’, Journal of Applied Physics, vol. 130, no. 19, p. 194301, Nov. 2021, doi: 10.1063/5.0064917. 
@article{RoyVarmaGururajan2021,
  doi = {10.1063/5.0064917},
  author = {A. Roy and A. Varma, R. and M. P. Gururajan},
  title = {Phase-field study of surface diffusion enhanced break-ups of nanowire junctions},
  year = {2021},
  month = {November},
  journal = {Journal of Applied Physics},
  volume = {130},
  number = {19},
  pages = {194301},
}

% [86] A. Roy and M. P. Gururajan, ‘Phase Field Modelling of Morphologies Driven by Tetragonal Interfacial Energy Anisotropy’, Crystal Growth \& Design, vol. 21, no. 3, pp. 1591–1603, Mar. 2021, doi: 10.1021/acs.cgd.0c01424. 
@article{RoyGururajan2021,
  doi = {10.1021/acs.cgd.0c01424},
  author = {A. Roy and M. P. Gururajan},
  title = {Phase Field Modelling of Morphologies Driven by Tetragonal Interfacial Energy Anisotropy},
  year = {2021},
  month = {March},
  journal = {Crystal Growth \& Design},
  volume = {21},
  number = {3},
  pages = {1591-1603},
}

% [87] T. Sakurai, K. Yoshimatsu, N. Okamoto, and K. Schneider, ‘Volume penalization for inhomogeneous Neumann boundary conditions modeling scalar flux in complicated geometry’, Journal of Computational Physics, vol. 390, pp. 452–469, Aug. 2019, doi: 10.1016/j.jcp.2019.04.008. 
@article{SakuraiYoshimatsuOkamotoSchneider2019,
  doi = {10.1016/j.jcp.2019.04.008},
  author = {T. Sakurai and K. Yoshimatsu and N. Okamoto and K. Schneider},
  title = {Volume penalization for inhomogeneous Neumann boundary conditions modeling scalar flux in complicated geometry},
  year = {2019},
  month = {August},
  journal = {Journal of Computational Physics},
  volume = {390},
  pages = {452-469},
}

% [88] L. Schreyer and Z. Hilliard, ‘Derivation of generalized Cahn-Hilliard equation for two-phase flow in porous media using hybrid mixture theory’, Advances in Water Resources, vol. 149, p. 103839, Mar. 2021, doi: 10.1016/j.advwatres.2020.103839. 
@article{SchreyerHilliard2021,
  doi = {10.1016/j.advwatres.2020.103839},
  author = {L. Schreyer and Z. Hilliard},
  title = {Derivation of generalized Cahn-Hilliard equation for two-phase flow in porous media using hybrid mixture theory},
  year = {2021},
  month = {March},
  journal = {Advances in Water Resources},
  volume = {149},
  pages = {103839},
}

% [89] E. J. Schwalbach, J. A. Warren, K.-A. Wu, and P. W. Voorhees, ‘Phase-field crystal model with a vapor phase’, Phys. Rev. E, vol. 88, no. 2, p. 023306, Aug. 2013, doi: 10.1103/PhysRevE.88.023306. 
@article{SchwalbachWarrenWuVoorhees2013,
  doi = {10.1103/PhysRevE.88.023306},
  author = {E. J. Schwalbach and J. A. Warren and K.-A. Wu and P. W. Voorhees},
  title = {Phase-field crystal model with a vapor phase},
  year = {2013},
  month = {August},
  journal = {Phys. Rev. E},
  volume = {88},
  number = {2},
  pages = {023306},
}

% [90] W. Schweizer, Numerical Quantum Dynamics, vol. 9. in Progress in Theoretical Chemistry and Physics, vol. 9. Dordrecht: Springer Netherlands, 2002. doi: 10.1007/0-306-47617-7. 
@incollection{Schweizer2002,
  doi = {10.1007/0-306-47617-7},
  author = {W. Schweizer},
  title = {Numerical Quantum Dynamics},
  year = {2002},
  address = {Dordrecht},
  publisher = {Springer},
  booktitle = {vol. 9. in Progress in Theoretical Chemistry and Physics, vol. 9. :  Netherlands},
}

% [91] J. Shen and X. Yang, ‘An efficient moving mesh spectral method for the phase-field model of two-phase flows’, Journal of Computational Physics, vol. 228, no. 8, pp. 2978–2992, May 2009, doi: 10.1016/J.JCP.2009.01.009. 
@article{ShenYang2009,
  doi = {10.1016/J.JCP.2009.01.009},
  author = {J. Shen and X. Yang},
  title = {An efficient moving mesh spectral method for the phase-field model of two-phase flows},
  year = {2009},
  month = {May},
  journal = {Journal of Computational Physics},
  volume = {228},
  number = {8},
  pages = {2978-2992},
}

% [92] G. Sheng, ‘Coarsening Kinetics of a Two Phase Mixture with Highly Disparate Diffusion Mobility’, CiCP, vol. 8, no. 2, pp. 249–264, Jun. 2010, doi: 10.4208/cicp.160709.041109a. 
@article{Sheng2010,
  doi = {10.4208/cicp.160709.041109a},
  author = {G. Sheng},
  title = {Coarsening Kinetics of a Two Phase Mixture with Highly Disparate Diffusion Mobility},
  year = {2010},
  month = {June},
  journal = {CiCP},
  volume = {8},
  number = {2},
  pages = {249-264},
}

% [93] G. Sheng, ‘Coarsening Kinetics of a Two Phase Mixture with Highly Disparate Diffusion Mobility’, CiCP, vol. 8, no. 2, pp. 249–264, Jun. 2010, doi: 10.4208/cicp.160709.041109a. 
@article{Sheng2010-1,
  doi = {10.4208/cicp.160709.041109a},
  author = {G. Sheng},
  title = {Coarsening Kinetics of a Two Phase Mixture with Highly Disparate Diffusion Mobility},
  year = {2010},
  month = {June},
  journal = {CiCP},
  volume = {8},
  number = {2},
  pages = {249-264},
}

% [94] G. Sheng, ‘Coarsening Kinetics of a Two Phase Mixture with Highly Disparate Diffusion Mobility’, CiCP, vol. 8, no. 2, pp. 249–264, Jun. 2010, doi: 10.4208/cicp.160709.041109a. 
@article{Sheng2010-2,
  doi = {10.4208/cicp.160709.041109a},
  author = {G. Sheng},
  title = {Coarsening Kinetics of a Two Phase Mixture with Highly Disparate Diffusion Mobility},
  year = {2010},
  month = {June},
  journal = {CiCP},
  volume = {8},
  number = {2},
  pages = {249-264},
}

% [95] G. Sheng, ‘Coarsening Kinetics of a Two Phase Mixture with Highly Disparate Diffusion Mobility’, CiCP, vol. 8, no. 2, pp. 249–264, Jun. 2010, doi: 10.4208/cicp.160709.041109a. 
@article{Sheng2010-3,
  doi = {10.4208/cicp.160709.041109a},
  author = {G. Sheng},
  title = {Coarsening Kinetics of a Two Phase Mixture with Highly Disparate Diffusion Mobility},
  year = {2010},
  month = {June},
  journal = {CiCP},
  volume = {8},
  number = {2},
  pages = {249-264},
}

% [96] A. Sinhababu and A. Bhattacharya, ‘A pseudo-spectral based efficient volume penalization scheme for Cahn–Hilliard equation in complex geometries’, Mathematics and Computers in Simulation, vol. 199, pp. 1–24, Sep. 2022, doi: 10.1016/j.matcom.2022.03.015. 
@article{SinhababuBhattacharya2022,
  doi = {10.1016/j.matcom.2022.03.015},
  author = {A. Sinhababu and A. Bhattacharya},
  title = {A pseudo-spectral based efficient volume penalization scheme for Cahn--Hilliard equation in complex geometries},
  year = {2022},
  journal = {Mathematics and Computers in Simulation},
  pages = {1-24},
  month = {September},
  volume = {199},
}

% [97] S. Širca and M. Horvat, ‘Spectral Methods for PDE’, in Computational Methods for Physicists: Compendium for Students, S. Sirca and M. Horvat, Eds., Berlin, Heidelberg: Springer, 2012, pp. 575–620. doi: 10.1007/978-3-642-32478-9_11. 
@incollection{vSircaHorvat2012,
  doi = {10.1007/978-3-642-32478-9_11},
  author = {S. \v{S}irca and M. Horvat},
  title = {Spectral Methods for PDE},
  year = {2012},
  pages = {575-620},
  editor = {Computational Methods for},
  publisher = {Springer},
  address = {Heidelberg},
  booktitle = {Physicists: Compendium for Students, S. Sirca and M. Horvat, Eds., Berlin},
}

% [98] H. Sohn, C. Park, J.-M. Oh, S. W. Kang, and M.-J. Kim, ‘Silver Nanowire Networks: Mechano-Electric Properties and Applications’, Materials, vol. 12, no. 16, Art. no. 16, Jan. 2019, doi: 10.3390/ma12162526. 
@article{SohnParkOhKangKim2019,
  doi = {10.3390/ma12162526},
  author = {H. Sohn and C. Park and J.-M. Oh and S. W. Kang and M.-J. Kim},
  title = {Silver Nanowire Networks: Mechano-Electric Properties and Applications},
  year = {2019},
  month = {January},
  journal = {Materials},
  volume = {12},
  number = {16},
}

% [99] Z. Sun and Y. Gao, ‘High order multiquadric trigonometric quasi-interpolation method for solving time-dependent partial differential equations’, Numerical Algorithms, vol. 93, Dec. 2022, doi: 10.1007/s11075-022-01486-6. 
@article{SunGao2022,
  doi = {10.1007/s11075-022-01486-6},
  author = {Z. Sun and Y. Gao},
  title = {High order multiquadric trigonometric quasi-interpolation method for solving time-dependent partial differential equations},
  year = {2022},
  month = {December},
  journal = {Numerical Algorithms},
  volume = {93},
}

% [100] T. Tadros, ‘Ostwald Ripening’, in Encyclopedia of Colloid and Interface Science, T. Tadros, Ed., Berlin, Heidelberg: Springer, 2013, pp. 820–820. doi: 10.1007/978-3-642-20665-8_124. 
@incollection{Tadros2013,
  doi = {10.1007/978-3-642-20665-8_124},
  author = {T. Tadros},
  title = {Ostwald Ripening},
  year = {2013},
  pages = {820-820},
  editor = {T. Tadros},
  publisher = {Springer},
  address = {Berlin, Heidelberg},
  booktitle = {Encyclopedia of Colloid and Interface Science},
}

% [101] S. Torabi, S. Wise, J. Lowengrub, A. Rätz, and A. Voigt, ‘A New Method for Simulating Strongly Anisotropic Cahn-Hilliard Equations’, vol. 3, Jan. 2007. 
@book{TorabiWiseLowengrubRatzVoigt2007,
  author = {S. Torabi and S. Wise and J. Lowengrub and A. R{\"a}tz and A. Voigt},
  title = {A New Method for Simulating Strongly Anisotropic Cahn-Hilliard Equations},
  year = {2007},
  month = {January},
  volume = {3},
}

% [102] S. Villain-Guillot, ‘Equation de Cahn-Hilliard 1D et phase modulée’, 2009. 
@unpublished{VillainGuillot2009,
  author = {S. Villain-Guillot},
  title = {Equation de Cahn-Hilliard 1D et phase modul{\'e}e},
  year = {2009},
}

% [103] M. Wan et al., ‘High-purity very thin silver nanowires obtained by Ostwald ripening-driven coarsening and sedimentation of nanoparticles’, CrystEngComm, vol. 20, no. 20, pp. 2834–2840, May 2018, doi: 10.1039/C8CE00357B. 
@article{Wan2018,
  doi = {10.1039/C8CE00357B},
  author = {M. Wan and others},
  title = {High-purity very thin silver nanowires obtained by Ostwald ripening-driven coarsening and sedimentation of nanoparticles},
  year = {2018},
  month = {May},
  journal = {CrystEngComm},
  volume = {20},
  number = {20},
  pages = {2834-2840},
}

% [104] N. Wang, K. H. Bevan, and N. Provatas, ‘Phase-Field-Crystal Model for Electromigration in Metal Interconnects’, Phys. Rev. Lett., vol. 117, no. 15, p. 155901, Oct. 2016, doi: 10.1103/PhysRevLett.117.155901. 
@article{WangBevanProvatas2016,
  doi = {10.1103/PhysRevLett.117.155901},
  author = {N. Wang and K. H. Bevan and N. Provatas},
  title = {Phase-Field-Crystal Model for Electromigration in Metal Interconnects},
  year = {2016},
  month = {October},
  journal = {Phys. Rev. Lett.},
  volume = {117},
  number = {15},
  pages = {155901},
}

% [105] N. Wang, K. H. Bevan, and N. Provatas, ‘Phase-Field-Crystal Model for Electromigration in Metal Interconnects’, Phys. Rev. Lett., vol. 117, no. 15, p. 155901, Oct. 2016, doi: 10.1103/PhysRevLett.117.155901. 
@article{WangBevanProvatas2016-1,
  doi = {10.1103/PhysRevLett.117.155901},
  author = {N. Wang and K. H. Bevan and N. Provatas},
  title = {Phase-Field-Crystal Model for Electromigration in Metal Interconnects},
  year = {2016},
  month = {October},
  journal = {Phys. Rev. Lett.},
  volume = {117},
  number = {15},
  pages = {155901},
}

% [106] X. Wei, S. Jiang, A. Klöckner, and X. P. Wang, ‘An integral equation method for the Cahn-Hilliard equation in the wetting problem’, Journal of Computational Physics, vol. 419, Oct. 2020, doi: 10.1016/J.JCP.2020.109521. 
@article{WeiJiangKlocknerWang2020,
  doi = {10.1016/J.JCP.2020.109521},
  author = {X. Wei and S. Jiang and A. Kl{\"o}ckner and X. P. Wang},
  title = {An integral equation method for the Cahn-Hilliard equation in the wetting problem},
  year = {2020},
  month = {October},
  journal = {Journal of Computational Physics},
  volume = {419},
}

% [107] Y. Wei, C. Yang, and J. Huang, ‘Parallel energy-stable phase field crystal simulations based on domain decomposition methods’, Computer Physics Communications, vol. 234, pp. 26–39, Jan. 2019, doi: 10.1016/j.cpc.2018.08.006. 
@article{WeiYangHuang2019,
  doi = {10.1016/j.cpc.2018.08.006},
  author = {Y. Wei and C. Yang and J. Huang},
  title = {Parallel energy-stable phase field crystal simulations based on domain decomposition methods},
  year = {2019},
  month = {January},
  journal = {Computer Physics Communications},
  volume = {234},
  pages = {26-39},
}

% [108] C. L. Wight and J. Zhao, ‘Solving Allen-Cahn and Cahn-Hilliard Equations using the Adaptive Physics Informed Neural Networks’, Jul. 08, 2020, arXiv: arXiv:2007.04542. Accessed: Apr. 24, 2024. [Online]. Available: http://arxiv.org/abs/2007.04542 
@unpublished{WightZhao2020,
  note = {Accessed: Apr. 24, 2024},
  archiveprefix = {arXiv},
  eprint = {arXiv:2007.04542},
  url = {http://arxiv.org/abs/2007.04542},
  author = {C. L. Wight and J. Zhao},
  title = {Solving Allen-Cahn and Cahn-Hilliard Equations using the Adaptive Physics Informed Neural Networks},
  year = {2020},
  month = {July},
  date = {2020-07-08},
  urldate = {Jul. 08, 2020},
}

% [109] F. Wu, M. Yang, and L. Ma, ‘Solutions to a coupled Cahn–Hilliard-phase-field-crystal model for grain boundary motion’, Applicable Analysis, Apr. 2024, Accessed: May 30, 2024. [Online]. Available: https://www.tandfonline.com/doi/abs/10.1080/00036811.2024.2344834 
@online{WuYangMa2024,
  note = {Applicable Analysis, , Accessed: May 30, 2024},
  url = {https://www.tandfonline.com/doi/abs/10.1080/00036811.2024.2344834},
  author = {F. Wu and M. Yang and L. Ma},
  title = {Solutions to a coupled Cahn--Hilliard-phase-field-crystal model for grain boundary motion},
  year = {2024},
  month = {April},
}

% [110] H. Wu, ‘A Review on the Cahn-Hilliard Equation: Classical Results and Recent Advances in Dynamic Boundary Conditions’, era, vol. 30, no. 8, pp. 2788–2832, 2022, doi: 10.3934/era.2022143. 
@article{Wu2022,
  doi = {10.3934/era.2022143},
  author = {H. Wu},
  title = {A Review on the Cahn-Hilliard Equation: Classical Results and Recent Advances in Dynamic Boundary Conditions},
  year = {2022},
  journal = {era},
  volume = {30},
  number = {8},
  pages = {2788-2832},
}

% [111] X. Xiao, X. Feng, and Z. Shi, ‘Efficient numerical simulation of Cahn-Hilliard type models by a dimension splitting method’, Computers \& Mathematics with Applications, vol. 136, pp. 54–70, Apr. 2023, doi: 10.1016/j.camwa.2023.01.037. 
@article{XiaoFengShi2023,
  doi = {10.1016/j.camwa.2023.01.037},
  author = {X. Xiao and X. Feng and Z. Shi},
  title = {Efficient numerical simulation of Cahn-Hilliard type models by a dimension splitting method},
  year = {2023},
  month = {April},
  journal = {Computers \& Mathematics with Applications},
  volume = {136},
  pages = {54-70},
}

% [112] F. Xue, T.-L. Cheng, Y. Lei, and Y.-H. Wen, ‘Phase-field framework with constraints and its applications to ductile fracture in polycrystals and fatigue’, npj Comput Mater, vol. 8, no. 1, pp. 1–15, Jan. 2022, doi: 10.1038/s41524-022-00700-2. 
@article{XueChengLeiWen2022,
  doi = {10.1038/s41524-022-00700-2},
  author = {F. Xue and T.-L. Cheng and Y. Lei and Y.-H. Wen},
  title = {Phase-field framework with constraints and its applications to ductile fracture in polycrystals and fatigue},
  year = {2022},
  month = {January},
  journal = {npj Comput Mater},
  volume = {8},
  number = {1},
  pages = {1-15},
}

% [113] J. Yang and J. Kim, ‘Numerical study of the ternary Cahn–Hilliard fluids by using an efficient modified scalar auxiliary variable approach’, Communications in Nonlinear Science and Numerical Simulation, vol. 102, p. 105923, Nov. 2021, doi: 10.1016/j.cnsns.2021.105923. 
@article{YangKim2021,
  doi = {10.1016/j.cnsns.2021.105923},
  author = {J. Yang and J. Kim},
  title = {Numerical study of the ternary Cahn--Hilliard fluids by using an efficient modified scalar auxiliary variable approach},
  year = {2021},
  month = {November},
  journal = {Communications in Nonlinear Science and Numerical Simulation},
  volume = {102},
  pages = {105923},
}

% [114] J. Yang, J. Wang, and J. Kim, ‘Energy-stable method for the Cahn–Hilliard equation in arbitrary domains’, International Journal of Mechanical Sciences, vol. 228, p. 107489, Aug. 2022, doi: 10.1016/j.ijmecsci.2022.107489. 
@article{YangWangKim2022,
  doi = {10.1016/j.ijmecsci.2022.107489},
  author = {J. Yang and J. Wang and J. Kim},
  title = {Energy-stable method for the Cahn--Hilliard equation in arbitrary domains},
  year = {2022},
  month = {August},
  journal = {International Journal of Mechanical Sciences},
  volume = {228},
  pages = {107489},
}

% [115] X. Ye and X. Cheng, ‘The Fourier spectral method for the Cahn–Hilliard equation’, Applied Mathematics and Computation, vol. 171, no. 1, pp. 345–357, Dec. 2005, doi: 10.1016/j.amc.2005.01.050. 
@article{YeCheng2005,
  doi = {10.1016/j.amc.2005.01.050},
  author = {X. Ye and X. Cheng},
  title = {The Fourier spectral method for the Cahn--Hilliard equation},
  year = {2005},
  month = {December},
  journal = {Applied Mathematics and Computation},
  volume = {171},
  number = {1},
  pages = {345-357},
}

% [116] H.-C. Yu, H.-Y. Chen, and K. Thornton, ‘Extended smoothed boundary method for solving partial differential equations with general boundary conditions on complex boundaries’, Modelling Simul. Mater. Sci. Eng., vol. 20, no. 7, p. 075008, Oct. 2012, doi: 10.1088/0965-0393/20/7/075008. 
@article{YuChenThornton2012,
  doi = {10.1088/0965-0393/20/7/075008},
  author = {H.-C. Yu and H.-Y. Chen and K. Thornton},
  title = {Extended smoothed boundary method for solving partial differential equations with general boundary conditions on complex boundaries},
  year = {2012},
  month = {October},
  journal = {Modelling Simul. Mater. Sci. Eng.},
  volume = {20},
  number = {7},
  pages = {075008},
}

% [117] H.-C. Yu, H.-Y. Chen, and K. Thornton, ‘Smoothed Boundary Method for Solving Partial Differential Equations with General Boundary Conditions on Complex Boundaries’, Dec. 07, 2009, arXiv: arXiv:0912.1288. Accessed: Aug. 14, 2024. [Online]. Available: http://arxiv.org/abs/0912.1288 
@unpublished{YuChenThornton2009,
  note = {Accessed: Aug. 14, 2024},
  archiveprefix = {arXiv},
  eprint = {arXiv:0912.1288},
  url = {http://arxiv.org/abs/0912.1288},
  author = {H.-C. Yu and H.-Y. Chen and K. Thornton},
  title = {Smoothed Boundary Method for Solving Partial Differential Equations with General Boundary Conditions on Complex Boundaries},
  year = {2009},
  month = {December},
  date = {2009-12-07},
  urldate = {Dec. 07, 2009},
}

% [118] H.-C. Yu, H.-Y. Chen, and K. Thornton, ‘Smoothed Boundary Method for Solving Partial Differential Equations with General Boundary Conditions on Complex Boundaries’, Dec. 07, 2009, arXiv: arXiv:0912.1288. Accessed: Aug. 14, 2024. [Online]. Available: http://arxiv.org/abs/0912.1288 
@unpublished{YuChenThornton2009-1,
  note = {Accessed: Aug. 14, 2024},
  archiveprefix = {arXiv},
  eprint = {arXiv:0912.1288},
  url = {http://arxiv.org/abs/0912.1288},
  author = {H.-C. Yu and H.-Y. Chen and K. Thornton},
  title = {Smoothed Boundary Method for Solving Partial Differential Equations with General Boundary Conditions on Complex Boundaries},
  year = {2009},
  month = {December},
  date = {2009-12-07},
  urldate = {Dec. 07, 2009},
}

% [119] P. Yu, L. Q. Chen, and Q. Du, ‘Applications of Moving Mesh Methods to the Fourier Spectral Approximations of Phase-Field Equations’, pp. 80–99, Jul. 2008, doi: 10.1142/9789812792389_0004. 
@article{YuChenDu2008,
  doi = {10.1142/9789812792389_0004},
  author = {P. Yu and L. Q. Chen and Q. Du},
  title = {Applications of Moving Mesh Methods to the Fourier Spectral Approximations of Phase-Field Equations},
  year = {2008},
  month = {July},
  journal = {pp.},
  pages = {80-99},
}

% [120] A. Zhang, Z. Guo, B. Jiang, S. Xiong, and F. Pan, ‘Numerical solution to phase-field model of solidification: A review’, Computational Materials Science, vol. 228, p. 112366, Sep. 2023, doi: 10.1016/j.commatsci.2023.112366. 
@article{ZhangGuoJiangXiongPan2023,
  doi = {10.1016/j.commatsci.2023.112366},
  author = {A. Zhang and Z. Guo and B. Jiang and S. Xiong and F. Pan},
  title = {Numerical solution to phase-field model of solidification: A review},
  year = {2023},
  journal = {Computational Materials Science},
  pages = {112366},
  month = {September},
  volume = {228},
}

% [121] C. Zhang, J. Ouyang, X. Wang, Y. Chai, and M. Ma, ‘Analysis of the Energy Stability for Stabilized Semi-implicit Schemes of the Functionalized Cahn-Hilliard Mass-conserving Gradient Flow Equation’, J Sci Comput, vol. 87, no. 1, p. 34, Mar. 2021, doi: 10.1007/s10915-021-01430-1. 
@article{ZhangOuyangWangChaiMa2021,
  doi = {10.1007/s10915-021-01430-1},
  author = {C. Zhang and J. Ouyang and X. Wang and Y. Chai and M. Ma},
  title = {Analysis of the Energy Stability for Stabilized Semi-implicit Schemes of the Functionalized Cahn-Hilliard Mass-conserving Gradient Flow Equation},
  year = {2021},
  month = {March},
  journal = {J Sci Comput},
  volume = {87},
  number = {1},
  pages = {34},
}

% [122] Y. Zhang, H. Ren, and T. Rabczuk, ‘Nonlocal Operator Method for Solving Partial Differential Equations: State-of-the-Art Review and Future Perspectives’, Journal of Advanced Engineering and Computation, vol. 6, p. 1, Mar. 2022, doi: 10.55579/jaec.202261.357. 
@article{ZhangRenRabczuk2022,
  doi = {10.55579/jaec.202261.357},
  author = {Y. Zhang and H. Ren and T. Rabczuk},
  title = {Nonlocal Operator Method for Solving Partial Differential Equations: State-of-the-Art Review and Future Perspectives},
  year = {2022},
  month = {March},
  journal = {Journal of Advanced Engineering and Computation},
  volume = {6},
  pages = {1},
}

% [123] Z. Zhang, Y. Ma, and Z. Qiao, ‘An adaptive time-stepping strategy for solving the phase field crystal model’, Journal of Computational Physics, vol. 249, pp. 204–215, Sep. 2013, doi: 10.1016/j.jcp.2013.04.031. 
@article{ZhangMaQiao2013,
  doi = {10.1016/j.jcp.2013.04.031},
  author = {Z. Zhang and Y. Ma and Z. Qiao},
  title = {An adaptive time-stepping strategy for solving the phase field crystal model},
  year = {2013},
  journal = {Journal of Computational Physics},
  pages = {204-215},
  month = {September},
  volume = {249},
}

% [124] X. Zhao et al., ‘1D Silver Nanowires/2D Graphene Composite Flexible Transparent Electrodes Induced by Superwetting Transfer’, Advanced Electronic Materials, vol. n/a, no. n/a, p. 2400510, doi: 10.1002/aelm.202400510. 
@article{Zhao,
  doi = {10.1002/aelm.202400510},
  author = {X. Zhao and others},
  title = {1D Silver Nanowires/2D Graphene Composite Flexible Transparent Electrodes Induced by Superwetting Transfer},
  journal = {Advanced Electronic Materials},
  pages = {240051},
}

% [125] J. Zhu, L.-Q. Chen, J. Shen, and V. Tikare, ‘Coarsening kinetics from a variable-mobility Cahn-Hilliard equation: Application of a semi-implicit Fourier spectral method’, Phys. Rev. E, vol. 60, no. 4, pp. 3564–3572, Oct. 1999, doi: 10.1103/PhysRevE.60.3564. 
@article{ZhuChenShenTikare1999,
  doi = {10.1103/PhysRevE.60.3564},
  author = {J. Zhu and L.-Q. Chen and J. Shen and V. Tikare},
  title = {Coarsening kinetics from a variable-mobility Cahn-Hilliard equation: Application of a semi-implicit Fourier spectral method},
  year = {1999},
  month = {October},
  journal = {Phys. Rev. E},
  volume = {60},
  number = {4},
  pages = {3564-3572},
}

% [126] ‘abhinavroy1999/nanowire-fragmentation-code: This repository contains simulation code for surface diffusion enhanced nanowire junction break-up. The code is written in CUDA C (GPU accelerated parallel code for Nvidia GPUs).’ Accessed: Nov. 28, 2023. [Online]. Available: https://github.com/abhinavroy1999/nanowire-fragmentation-code/tree/main 
@online{2023,
  note = {Accessed: Nov. 28},
  url = {https://github.com/abhinavroy1999/nanowire-fragmentation-code/tree/main},
  author = {`abhinavroy1999/nanowire-fragmentation-code},
  title = {This repository contains simulation code for surface diffusion enhanced nanowire junction break-up. The code is written in CUDA C (GPU accelerated parallel code for Nvidia GPUs).'},
  year = {2023},
}

% [127] ‘FIG. 2. Schematic illustration of a Si nanowire model (3P) for NEMD...’, ResearchGate. Accessed: May 24, 2024. [Online]. Available: https://www.researchgate.net/figure/Schematic-illustration-of-a-Si-nanowire-model-3P-for-NEMD-simulations_fig2_341467428 
@online{2024-1,
  note = {Accessed: May 24},
  url = {https://www.researchgate.net/figure/Schematic-illustration-of-a-Si-nanowire-model-3P-for-NEMD-simulations_fig2_341467428},
  author = {`FIG},
  title = {2. Schematic illustration of a Si nanowire model (3P) for NEMD ... ', ResearchGate},
  year = {2024},
}

% [128] ‘https://iopscience.iop.org/article/10.1088/0965-0393/20/7/075008/pdf’. Accessed: Aug. 09, 2024. [Online]. Available: https://iopscience.iop.org/article/10.1088/0965-0393/20/7/075008/pdf 
@online{2024-2,
  note = {09},
  url = {https://iopscience.iop.org/article/10.1088/0965-0393/20/7/075008/pdf},
  author = {`https://iopscience.iop.org/article/10.1088/0965-0393/20/7/075008/pdf'},
  title = {Accessed: Aug},
  year = {2024},
}

% [129] ‘(PDF) A Fourier Spectral Moving Mesh Method for the Cahn-Hilliard Equation with Elasticity’. Accessed: Feb. 28, 2024. [Online]. Available: https://www.researchgate.net/publication/253720566_A_Fourier_Spectral_Moving_Mesh_Method_for_the_Cahn-Hilliard_Equation_with_Elasticity 
@online{2024-3,
  note = {Accessed: Feb. 28},
  url = {https://www.researchgate.net/publication/253720566_A_Fourier_Spectral_Moving_Mesh_Method_for_the_Cahn-Hilliard_Equation_with_Elasticity},
  author = {`(PDF)},
  title = {A Fourier Spectral Moving Mesh Method for the Cahn-Hilliard Equation with Elasticity'},
  year = {2024},
}

% [130] ‘Phase Field Model Units | MOOSE’. Accessed: Jul. 24, 2024. [Online]. Available: https://mooseframework.inl.gov/modules/phase_field/Phase_Field_Model_Units.html 
@online{2024-4,
  note = {Accessed: Jul. 24},
  url = {https://mooseframework.inl.gov/modules/phase_field/Phase_Field_Model_Units.html},
  author = {`Phase},
  title = {Field Model Units | MOOSE'},
  year = {2024},
}

% [131] ‘Highly efficient and accurate schemes for time fractional Allen-Cahn equation by using extended SAV approach’, DeepAI. Accessed: Apr. 25, 2024. [Online]. Available: https://deepai.org/publication/highly-efficient-and-accurate-schemes-for-time-fractional-allen-cahn-equation-by-using-extended-sav-approach 
@online{2024-5,
  note = {DeepAI. Accessed: Apr. 25},
  url = {https://deepai.org/publication/highly-efficient-and-accurate-schemes-for-time-fractional-allen-cahn-equation-by-using-extended-sav-approach},
  author = {`Highly},
  title = {efficient and accurate schemes for time fractional Allen-Cahn equation by using extended SAV approach'},
  year = {2024},
}