@book{test,
  title = {A Book},
  author = {John Smith},
  year = {2020},
  publisher = {Springer}
}