@inproceedings{walraff_facilitating_2024,
	title = {Facilitating {Learning} {Analytics} in {Histology} {Courses} with {Knowledge} {Graphs}},
	url = {https://orbi.uliege.be/handle/2268/322212},
	language = {English},
	urldate = {2024-10-01},
	publisher = {CEUR-WS},
	author = {Walraff, Jimmy and Coco, Andreas and Delporte, Guillaume and Michel, Merlin and Fries, Allyson and Defaweux, Val√©rie and Debruyne, Christophe},
	month = sep,
	year = {2024},
	file = {Full Text PDF:/Users/rayaneeloudrhiri/Zotero/storage/VVFQZXLT/Walraff et al. - 2024 - Facilitating Learning Analytics in Histology Cours.pdf:application/pdf},
}